<?xml version="1.0" encoding="UTF-8"?>
<collection xmlns:xsi="http://www.w3.org/2001/XMLSchema-instance" xsi:schemaLocation="http://www.loc.gov/MARC21/slim http://www.loc.gov/standards/marcxml/schema/MARC21slim.xsd" xmlns="http://www.loc.gov/MARC21/slim">
<record>
  <leader>01034cam a22002771  4500</leader>
  <controlfield tag="001">2018930</controlfield>
  <controlfield tag="003">NNC</controlfield>
  <controlfield tag="005">20150817132219.0</controlfield>
  <controlfield tag="008">880419m19511963ua c          000 0 arard</controlfield>
  <datafield tag="010" ind1=" " ind2=" ">
    <subfield code="a">ne 64001101 </subfield>
  </datafield>
  <datafield tag="035" ind1=" " ind2=" ">
    <subfield code="a">(OCoLC)ocm17818318</subfield>
  </datafield>
  <datafield tag="035" ind1=" " ind2=" ">
    <subfield code="9">AMP7533CU</subfield>
  </datafield>
  <datafield tag="035" ind1=" " ind2=" ">
    <subfield code="a">(NNC)2018930</subfield>
  </datafield>
  <datafield tag="040" ind1=" " ind2=" ">
    <subfield code="a">WAU</subfield>
    <subfield code="c">WAU</subfield>
    <subfield code="d">ZCU</subfield>
  </datafield>
  <datafield tag="043" ind1=" " ind2=" ">
    <subfield code="a">f-ua---</subfield>
  </datafield>
  <datafield tag="090" ind1=" " ind2=" ">
    <subfield code="a">PN5462</subfield>
    <subfield code="b">.H28</subfield>
  </datafield>
  <datafield tag="100" ind1="1" ind2=" ">
    <subfield code="a">Ḥamzah, ʻAbd al-Laṭīf.</subfield>
  </datafield>
  <datafield tag="245" ind1="1" ind2="0">
    <subfield code="a">Adab al-maqālah al-Ṣuḥufīyah fī Miṣr,</subfield>
    <subfield code="c">taʾlīf ʻAbd al-Latīf Ḥamzah.</subfield>
  </datafield>
  <datafield tag="250" ind1=" " ind2=" ">
    <subfield code="a">al-Tabʻah 2.</subfield>
  </datafield>
  <datafield tag="260" ind1=" " ind2=" ">
    <subfield code="a">[al-Qāhirah]</subfield>
    <subfield code="b">Dār al-Fikr al-ʻArabī</subfield>
    <subfield code="c">1951-1963.</subfield>
  </datafield>
  <datafield tag="300" ind1=" " ind2=" ">
    <subfield code="a">8 v.</subfield>
    <subfield code="b">ports.</subfield>
  </datafield>
  <datafield tag="500" ind1=" " ind2=" ">
    <subfield code="a">Vols. 5, 7-8: al-Tabʻah 1 ; v. 3 lacks edition statement.</subfield>
  </datafield>
  <datafield tag="505" ind1="2" ind2=" ">
    <subfield code="a">al-Juzʾ 3. Ibrāhim al-Muwaylaḥī -- al-Juzʾ 4. ʻAlī Yūsuf -- al-Juzʾ 5. Muṣṭafá Kāmil -- al-Juzʾ 6. Aḥmad Lutfī -- al-Juzʾ 7. Ibrāhim al-Rāfiʻ -- al-Juzʾ 8. ʻAbd al-Qādir Ḥamzah.</subfield>
  </datafield>
  <datafield tag="650" ind1=" " ind2="0">
    <subfield code="a">Journalism</subfield>
    <subfield code="z">Egypt.</subfield>
  </datafield>
  <datafield tag="650" ind1=" " ind2="0">
    <subfield code="a">Journalists</subfield>
    <subfield code="z">Egypt.</subfield>
  </datafield>
  <datafield tag="955" ind1=" " ind2=" ">
    <subfield code="b">0036762300</subfield>
    <subfield code="d">off,glx</subfield>
    <subfield code="e">PN5462 .H28</subfield>
    <subfield code="v">v.5</subfield>
  </datafield>
</record>
</collection>